%-------------------------------------------------------------------------------
%	REPLACE WITH YOUR PUBLICATIONS
%-------------------------------------------------------------------------------

@Article{Knee,
  author =  {\mkbibbold{Wang Hui}},
  title =   {{Knee Semegent}},
  journal = {waiting},
  year =    {2020},
}

@Article{Vertebrae,
  author =  {Chunli, Qin and Demin, Yao and Han, Zhuang and \mkbibbold{Wang Hui} and Yonghong, Shi and Zhijian, Song},
  title =   {{Residual Block-based Multi-label Classification and Localization Network with Integral Regression for Vertebrae Labeling (修回)}},
  journal = {IEEE Transactions on Neural Networks and Learning Systems},
  year =    {2020},
}

@Article{Brain,
  author =  {庄晗 and 刘学玲 and 秦春丽 and \mkbibbold{王辉} and 李郁欣 and 李文生 and 史勇红},
  title =   {{基于定量磁化率成像的早期帕金森病相关脑结构研究}},
  journal = {解剖学报},
  year =    {2020},
}

@InProceedings{Khan2014Prototyping,
  author =    {Khan, Amin M and Buyuksahin, Umit Cavus and Freitag, Felix},
  title =     {{Prototyping Incentive-Based Resource Assignment for Clouds in Community Networks}},
  booktitle = {28th IEEE International Conference on Advanced Information Networking and Applications (AINA 2014)},
  year =      {2014},
  pages =     {719--726},
  address =   {Victoria, Canada},
  month =     may,
  publisher = {IEEE},
  doi =       {10.1109/AINA.2014.88},
  isbn =      {978-1-4799-3630-4},
  url =       {http://ieeexplore.ieee.org/lpdocs/epic03/wrapper.htm?arnumber=6838735}
}